@article{Othmer2014,
author="Othmer, Carsten",
title="Adjoint methods for car aerodynamics",
journal="Journal of Mathematics in Industry",
year="2014",
month="Jun",
day="03",
volume="4",
number="1",
pages="6",
issn="2190-5983",
doi="10.1186/2190-5983-4-6",
url="https://doi.org/10.1186/2190-5983-4-6"
}

@article{Anderson1999,
author = {Anderson, W. Kyle and Venkatakrishnan, V.},
doi = {10.1016/S0045-7930(98)00041-3},
file = {:Users/elizabethpaul/Documents/Research/Papers/Adjoint Methods/Anderson Aerodynamic design optimization on
unstructured grids with a continuous adjoint formulation.pdf:pdf},
isbn = {0045-7930},
issn = {00457930},
journal = {Computers and Fluids},
number = {4-5},
pages = {443--480},
title = {{Aerodynamic design optimization on unstructured grids with a continuous adjoint formulation}},
volume = {28},
year = {1999}
}

@article{Kuruvila1995,
annote = {NULL},
author = {Kuruvila, G. and Ta'asan, Shlomo and Salas, M.D.},
doi = {doi:10.2514/6.1995-478},
file = {:Users/elizabethpaul/Documents/Research/Papers/Kuruvila 1995 Airfoil Design and Optimization by the OneShot
Method.pdf:pdf},
isbn = {9780000000002},
journal = {AIAA Paper 1995-0478},
title = {{Airfoil Design and Optimization by the One-Shot Method}},
year = {1995}
}

@article{Jameson1998,
annote = {NULL},
author = {Jameson, A. and Martinelli, L. and Pierce, N.A.},
doi = {10.1007/s001620050060},
file = {:Users/elizabethpaul/Documents/Research/Papers/Optimum Aerodynamic Design Using the Navier–Stokes
Equations.pdf:pdf},
isbn = {0935-4964},
issn = {0935-4964},
journal = {Theoretical and Computational Fluid Dynamics},
mendeley-groups = {Adjoint Methods},
number = {1-4},
pages = {213--237},
title = {{Optimum Aerodynamic Design Using the Navier-Stokes Equations}},
volume = {10},
year = {1998}
}

@article{Roy2011,
author = {Roy, Christopher J and Oberkampf, William L},
doi = {10.1016/j.cma.2011.03.016},
file = {:Users/elizabethpaul/Documents/Research/Papers/Roy 2011 A comprehensive framework for verification, validation,
and uncertainty quantification in scientific computing.pdf:pdf},
issn = {0045-7825},
journal = {Computer Methods in Applied Mechanics and Engineering},
keywords = {uncertainty quantification},
mendeley-groups = {Adjoint Methods},
number = {25-28},
pages = {2131--2144},
publisher = {Elsevier B.V.},
title = {{A comprehensive framework for verification, validation, and uncertainty quantification in scientific
computing}},
url = {http://dx.doi.org/10.1016/j.cma.2011.03.016},
volume = {200},
year = {2011}
}

@article{Plessix2006,
annote = {NULL},
author = {Plessix, Rene Edouard},
doi = {10.1111/j.1365-246X.2006.02978.x},
file = {:Users/elizabethpaul/Documents/Research/Papers/Plessix 2006 A review of the adjoint-state method for computing
the gradient of a functional with geophysical applications.pdf:pdf},
isbn = {0956540x},
issn = {0956540X},
journal = {Geophysical Journal International},
keywords = {Adjoint state,Gradient,Migration,Tomography},
number = {2},
pages = {495--503},
pmid = {10653792},
title = {{A review of the adjoint-state method for computing the gradient of a functional with geophysical
applications}},
volume = {167},
year = {2006}
}

@article{Turner1993,
author = {Turner, Robert},
doi = {10.1016/0730-725X(93)90209-V},
file = {:Users/elizabethpaul/Downloads/Gradientcoildesignreview.pdf:pdf},
journal = {Magnetic Resonance Imaging},
keywords = {coil design,coils,gradient coils,mri gradients},
mendeley-groups = {Adjoint Methods/MRI coils},
pages = {903},
title = {{Gradient coil design : A review of methods}},
volume = {11},
year = {1993}
}


@article{Forbes2005,
author = {Forbes, Larry K and Brideson, Michael A and Crozier, Stuart},
number = {6},
pages = {2134--2144},
journal = {IEEE Transactions on Magnetics},
title = {{A Target-Field Method to Design Circular Biplanar Coils for Asymmetric Shim and Gradient Fields}},
volume = {41},
year = {2005}
}

@article{Jia2014,
author = {Jia, Feng and Liu, Zhenyu and Zaitsev, Maxim and Hennig, J??rgen and Korvink, Jan G.},
doi = {10.1007/s00158-013-0992-8},
issn = {16151488},
journal = {Structural and Multidisciplinary Optimization},
number = {3},
pages = {523--535},
title = {{Design multiple-layer gradient coils using least-squares finite element method}},
volume = {49},
year = {2014}
}

@article{Forbes2001,
author = {Forbes, Lawrence K and Crozier, Stuart},
title = {{A novel target-field method for finite-length magnetic resonance shim coils : I . Zonal shims}},
year = {2001},
journal = {Journal of Physics D: Applied Physics},
volume = {34},
pages = {3447--3445},
}

@article{Merkel1987,
author = {Merkel, P.},
issn = {0029-5515},
journal = {Nuclear Fusion},
mendeley-groups = {Coil Optimization/NESCOIL},
number = {5},
pages = {867--871},
title = {{Solution of stellarator boundary value problems with external currents}},
volume = {27},
year = {1987}
}

@article{Hirshman1985,
author = {Hirshman, S P and Meier, H K},
doi = {10.1063/1.864972},
journal = {Physics of Fluids},
pages = {1387--1391},
title = {{Optimized Fourier representations for three ‐ dimensional magnetic surfaces}},
volume = {28},
year = {1985}
}

@book{Boyd2004,
title = {Convex Optimization},
author = {Boyd, S and Vandenberghe, Lieven},
year = {2004},
publisher = {Cambridge University Press}
}

@book{Nocedal2006,
title = {Numerical Optimization},
author = {Nocedal, J and Wright, S. J.},
year = {2006},
publisher = {Springer}
}

@book{Delfour2011,
title = {Shapes and Geometries},
author = {Delfour, M. C. and Zol\'{e}sio, J.-P.},
year = {2011},
publisher = {Society for Industrial and Applied Mathematics},
pages = {480--481}
}

@book{Novotny2013, 
title = {Topological Derivatives in Shape Optimization},
author = {Novotny, A. A. and Sokolowski, J.},
year = {2013},
publisher = {Springer},
pages = {35--38}
}

@article{Baelmans2017,
author = {Baelmans, M. and Blommaert, M. and Dekeyser, W. and {Van Oevelen}, T.},
doi = {10.1088/1741-4326/57/3/036022},
issn = {0029-5515},
journal = {Nuclear Fusion},
number = {3},
pages = {036022},
publisher = {IOP Publishing},
title = {{Achievements and challenges in automated parameter, shape and topology optimization for divertor design}},
url = {http://stacks.iop.org/0029-5515/57/i=3/a=036022?key=crossref.5c2e41017b5489bcbb16c14205d11cc1},
volume = {57},
year = {2017}
}

@article{Kim2001,
author = {Kim, J and Coster, D P and Neuhauser, J and Schneider, R and ASDEX-Upgrade Team},
keywords = {anomalous transport,asdex-upgrade,b2,eirene},
pages = {644--647},
title = {{ASDEX-Upgrade edge transport scalings from the two-dimensional interpretative code B2 . 5-I}},
volume = {293},
year = {2001},
journal = {Journal of Nuclear Materials}
}

@article{Pironneau1974,
author = {Pironneau, O.},
journal = {Journal of Fluid Mechanics},
pages = {97--110},
title = {{On optimum design in fluid mechanics}},
volume = {64},
year = {1974},
url = {https://doi.org/10.1017/S0022112074002023}
}

@article{Zhu2017,
archivePrefix = {arXiv},
arxivId = {1705.02333},
author = {Zhu, Caoxiang and Hudson, Stuart R. and Song, Yuntao and Wan, Yuanxi},
eprint = {1705.02333},
title = {{New method to design stellarator coils without the winding surface}},
url = {http://arxiv.org/abs/1705.02333},
year = {2017}
}

@article{Drevlak1998,
author = {{M. Drevlak}},
issn = {07481896},
journal = {Fusion Technol.},
pages = {106},
url = {http://dx.doi.org/10.13182/FST98-A21},
doi = {10.13182/FST98-A21},
title = {{Automated optimization of stellarator coils}},
volume = {33},
year = {1998}
}

@proceedings{Brown2015,
author = {Brown, T and Breslau, J and Gates, D and Pomphrey, N and Zolfaghari, A},
booktitle = {IEEE 26th Symposium on Fusion Engineering (SOFE)},
address = {Austin, Texas},
doi = {10.1109/SOFE.2015.7482426},
title = {Engineering Optimization of Stellarator Coils Lead to Improvements in Device Maintenance},
year = {2015}
}

@article{Landreman2017,
author = {Landreman, Matt},
doi = {10.1088/1741-4326/aa57d4},
journal = {Nuclear Fusion},
title = {{An improved current potential method for fast computation of stellarator coil shapes}},
year = {2017},
volume = {57},
pages = {046003},
number = {4},
}

@article{Nuhrenberg1988,
author = {Nuhrenberg, J. and Zille, R.},
journal = {Physics Letters A},
number = {2},
pages = {113--117},
title = {{QUASI-HELICALLY SYMMETRIC TOROIDAL STELLARATORS}},
volume = {129},
year = {1988},
url = {https://doi.org/10.1016/0375-9601(88)90080-1}
}

@article{Drevlak2013,
author = {Drevlak, M. and Brochard, F. and Helander, P. and Kisslinger, J. and Mikhailov, M. and Nuhrenberg, C. and
Nuhrenberg, J. and Turkin, Y.},
doi = {10.1002/ctpp.201200055},
journal = {Contributions to Plasma Physics},
number = {6},
pages = {459--468},
title = {{ESTELL: A Quasi-Toroidally Symmetric Stellarator ∗ 1 ¨ ,}},
volume = {53},
year = {2013}
}

@article{Spong2010,
author = {Spong, Donald A. and Harris, Jeffrey H.},
doi = {10.1585/pfr.5.S2039},
file = {:Users/elizabethpaul/Documents/Research/Papers/Spong 2010 Plasma and Fusion Research "New QP$\backslash$:QI
Symmetric Stellarator Configurations".pdf:pdf},
journal = {Plasma and Fusion Research},
keywords = {10,1585,5,doi,e ff ective ripple,optimization,pfr,quasi-symmetry,s2039,shafranov
shift,stellarator,transport},
mendeley-groups = {Applications of NESCOIL},
pages = {S2039},
title = {{New QP / QI Symmetric Stellarator Configurations}},
volume = {5},
year = {2010}
}

@article{Ku2011,
author = {Ku, L P and Boozer, A H},
doi = {10.1088/0029-5515/51/1/013004},
file = {:Users/elizabethpaul/Documents/Research/Papers/Ku 2011 NF New classes of quasi-helically symmetric
stellarators.pdf:pdf},
journal = {Nuclear Fusion},
mendeley-groups = {Applications of NESCOIL},
pages = {013004},
title = {{New classes of quasi-helically symmetric stellarators}},
volume = {51},
year = {2011}
}

@article{Nuhrenberg1993,
author = {Nuhrenberg, J. and Merkel, P. and Schwab, C. and Schwenn, U.},
doi = {10.1088/0741-3335/35/SB/009},
file = {:Users/elizabethpaul/Documents/Research/Papers/Nuhrenberg 1993 MHD-THEORETICAL ASPECTS OF STELLARATORS
.pdf:pdf},
journal = {Plasma Physics and Controlled Fusion},
mendeley-groups = {Applications of NESCOIL},
pages = {B115},
title = {{MHD-theoretical aspects of stellarators}},
volume = {35},
year = {1993}
}

@article{Pomphrey2001,
author = {Pomphrey, N. and Berry, L. and Boozer, A. and Brooks, A. and Hatcher, R.E. and Hirshman, S.P. and Ku, L.-P.
and Miner, W.H. and Mynick, H.E. and Reiersen, W. and Strickler, D.J. and Valanju, P.M.},
doi = {10.1088/0029-5515/41/3/312},
file = {:Users/elizabethpaul/Documents/Research/Papers/N.{\_}Pomphrey{\_}2001{\_}Nucl.{\_}Fusion{\_}41{\_}312.pdf:pdf},
journal = {Nuclear Fusion},
mendeley-groups = {Applications of NESCOIL},
pages = {339},
title = {{Innovations in compact stellarator coil design}},
volume = {41},
year = {2001}
}

@article{Guebaly2008,
author = {El-Guebaly, L and Wilson, P and Henderson, D and Sawan, M and Sviatoslavsky, G and Slaybaugh, R and Kiedrowski, B and Ibrahim, A
and Martin, C and Raffray, R and Lyon, J and Ku, L P and Wang, X and Bromberg, L and Merrill, B and Waganer, L and Ku, P
and Wang, X and Bromberg, L and Merrill, B and Waganer, L and Najmabadi, F and Team, Aries-cs},
doi = {10.13182/FST54-747},
title = {{Designing ARIES-CS Compact Radial Build and Nuclear System : Neutronics , Shielding , and Activation}},
volume = {54},
pages = {747},
year = {2008}
}

@article{Landreman2016,
author = {Landreman, Matt and Boozer, Allen H.},
doi = {10.1063/1.4943201},
issn = {10897674},
journal = {Physics of Plasmas},
number = {3},
title = {{Efficient magnetic fields for supporting toroidal plasmas}},
url = {http://dx.doi.org/10.1063/1.4943201},
volume = {23},
year = {2016}
}

@article{Waganer2008,
author = {Waganer, Lester M and Jr, Richard J Peipert and Wang, Xueren R and Malang, Siegfried},
doi = {10.13182/FST08-A1904},
journal = {Fusion Science and Technology},
number = {3},
pages = {787},
title = {{ARIES-CS Maintenance System Definition and Analysis ARIES-CS MAINTENANCE SYSTEM DEFINITION AND ANALYSIS}},
volume = {54},
year = {2008}
}

@misc{NLOPT,
author = {Johnson, Steven G.},
title = {The {NLopt} nonlinear-optimization package},
url = {http://ab-initio.mit.edu/nlopt},
version = {2.4.2},
month = {May},
year = {2014},
date = {2014-05-20},
}

@article{Svanberg2002,
author = {Svanberg, Krister},
number = {2},
pages = {555--573},
title = {{METHODS BASED ON CONSERVATIVE CONVEX SEPARABLE}},
volume = {12},
journal = {SIAM Journal of Optimization},
number = {2},
year = {2002}
}

@article{Landreman2018,
author = {Landreman, Matthew},
year = {in preparation},
}

@article{Othmer2008,
author = {Othmer, C},
doi = {10.1002/fld},
journal = {International Journal for Numerical Methods in Fluids},
pages = {861--877},
title = {{A continuous adjoint formulation for the computation of topological and surface sensitivities of ducted flows}},
volume = {58},
year = {2008}
}

@article{Strickler2002,
author = {Strickler, Dennis J and Berry, Lee A and Hirshman, Steven P},
doi = {10.13182/FST02-A206},
journal = {Fusion Science and Technology},
number = {2},
pages = {107--115},
title = {{Designing Coils for Compact Stellarators}},
volume = {41},
year = {2002}
}

@article{Strickler2004,
author = {Strickler, Dennis J and Hirshman, Steven P and Spong, Donald A and Cole, Michael J and Lyon, James F and
Nelson, Bradley E and Williamson, David E},
doi = {10.13182/FST04-A421},
journal = {Fusion Science and Technology},
number = {1},
pages = {15--26},
title = {{Development of a Robust Quasi-Poloidal Compact Stellarator}},
volume = {45},
year = {2004}
}

@article{Zarnstorff2001,
author = {Zarnstorff, M.C. and Berry, L.A. and Brooks, A. and Fredrickson, E. and Fu, G.-Y. and Hirshman, S. and Hudson,
S. and Ku, L.-P. and Lazarus, E. and Mikkelsen, D. and Monticello, D. and Neilson, G. H. and Pomphrey, N. and Reiman, A.
and Spong, D.A. and Strickler, D.J. and Boozer, A. and Cooper, W A and Goldston, R. J. and Hatcher, R.E. and Isaev, M Yu
and Kessel, C.E. and Lewandowski, J. and Lyon, J.F. and Merkel, P. and Mynick, H. and Nelson, B.E. and Nuhrenberg, C.
and Redi, M. and Reiersen, W. and Rutherford, P. and Sanchez, R. and Schmidt, J. and White, R.B.},
doi = {10.1088/0741-3335/43/12A/318},
journal = {Plasma Physics and Controlled Fusion},
pages = {A237--A249},
title = {{Physics of the compact advanced stellarator}},
volume = {43},
year = {2001}
}

@article{Boozer2000,
author = {Boozer, A. H.},
issn = {07481896},
journal = {Physics of Plasmas},
number = {8},
pages = {3378--3387},
title = {{Stellarator coil optimization by targeting the plasma configuration}},
volume = {7},
year = {2000}
}

@article{Beidler1990,
author = {Beidler, Craig and Grieger, G{\"{u}}nter and Herrnegger, Franz and Harmeyer, Ewald and Lotz, Wolf and
Maassberg, Henning and Merkel, Peter and N{\"{u}}hrenberg, J{\"{u}}rgen and Rau, Fritz and Sapper, J{\"{o}}rg and
Sardei, Francesco and Scardovelli, Ruben and Schl{\"{u}}ter, Arnulf and Wobig, Horst},
doi = {10.13182/FST90-A29178},
journal = {Fusion Technology},
number = {1},
pages = {148--168},
title = {{Physics and Engineering Design for Wendelstein PHYSICS AND ENGINEERING DESIGN FOR WENDELSTEIN VII-X}},
volume = {17},
year = {1990}
}

